%%%%%%%%%%%%%%%%%%%%%%%%%%%%%%%%%%%%%%%%%%%%%%%%%%%%%%%%%%%%%%%%%% Capture the flag references
@article{Campbell:2003p5,
author = {ME Campbell and R D'Andrea and D Schneider and A Chaudhry and S Waydo and J Sullivan and J Veverka and A Klochko}, 
journal = {Proceedings of the American Control Conference},
title = {RoboFlag games using systems based, hierarchical control},
pages = {661--666},
volume = {1},
year = {2003},
}

@article{DAndrea:2003p95,
author = {R D'Andrea and M Babish}, 
journal = {Proceedings of the American Control Conference},
title = {The roboflag testbed},
pages = {656--660},
volume = {1},
year = {2003},
}

@article{Earl:2001p81,
author = {MG Earl and R D'Andrea}, 
journal = {IEEE CONFERENCE ON DECISION AND CONTROL},
title = {Modeling and control of a multi-agent system using mixed integer linear programming},
pages = {107--111},
volume = {1},
year = {2001},
}

@article{Waydo:2003p97,
author = {S Waydo and RM Murray}, 
journal = {IEEE International Conference on Robotics and Automation, 2003. Proceedings. ICRA'03},
title = {Vehicle motion planning using stream functions},
pages = {2484--2491},
year = {2003},
}

@article{Blake:2004p83,
author = {M Blake and G Sorensen and J Archibald and R Beard}, 
journal = {IEEE International Conference on Robotics and Automation},
title = {Human assisted capture-the-flag in an urban environment},
pages = {1167--1172},
volume = {2},
year = {2004},
}

@article{Parasuraman:2005p99,
author = {R Parasuraman and S Galster and P Squire and H Furukawa and C Miller}, 
journal = {IEEE Transactions on Systems, Man, and Cybernetics---Part A: Systems and Humans},
title = {A flexible delegation-type interface enhances system performance in human supervision of multiple robots: Empirical studies with RoboFlag},
number = {4},
pages = {481},
volume = {35},
year = {2005},
}

@article{Chasparis:2005p102,
author = {GC Chasparis and JS Shamma}, 
journal = {American Control Conference, 2005. Proceedings of the 2005},
title = {Linear-programming-based multi-vehicle path planning with adversaries},
pages = {1072--1077},
year = {2005},
}

@article{Earl:2007p101,
author = {MG Earl and R D'Andrea}, 
journal = {Robotics and Autonomous Systems},
title = {A decomposition approach to multi-vehicle cooperative control},
number = {4},
pages = {276--291},
volume = {55},
year = {2007},
}

%%%%%%%%%%%%%%%%%%%%%%%%%%%%%%%%%%%%%%%%%%%%%%%%%%%%%%%%%%%%%%%%%% Applications/Intro references
@article{Horvitz:1995p13,
author = {E Horvitz and M Barry}, 
journal = {In Proceedings of the Eleventh Conference on Uncertainty in Artificial Intelligence},
title = {Display of information for time-critical decision making},
year = {1995},
}

@article{Axe:2007p9,
author = {David Axe}, 
journal = {Defense Technology International},
title = {Building Trust: Human fears limit autonomy and capability of robots},
year = {2007},
month = {Nov},
}

@misc{kiva2009,
author = {Alexis Madrigal},
title={Autonomous Robots Invade Retail Warehouses},
howpublished = {\url{http://www.wired.com/wiredscience/2009/01/retailrobots/}},
}

@article{OFTHEAIRFORCEWASHINGTON:2009p37,
author = {Dept. of the Air Force}, 
journal = {oai.dtic.mil},
title = {United States Air Force Unmanned Aircraft Systems Flight Plan 2009-2047},
abstract = {Public reporting burden for the collection of information is estimated to average 1 hour per response, including the time for reviewing instructions, searching existing data sources, gathering and maintaining the data needed, and completing and reviewing the collection of },
year = {2009},
month = {Jan},
}

@article{Metzger:2001p60,
author = {U Metzger and R Parasuraman}, 
journal = {Human Factors},
title = {The role of the air traffic controller in future air traffic management: An empirical study of active control versus passive monitoring},
abstract = {The rapid growth in commercial air travel, both in the United States and worldwide, is putting immense pressure on the air traffic con- trol system. Consequently, several proposals have been put forward for modernizing air },
year = {2001},
month = {Jan},
}

@article{Erzberger:2006p44,
author = {H Erzberger}, 
journal = {25 th International Congress of the Aeronautical Sciences},
title = {Automated Conflict Resolution for Air Traffic Control},
abstract = {Page 1. 25 TH INTERNATIONAL CONGRESS OF THE AERONAUTICAL SCIENCES       Heinz Erzberger },
year = {2006},
month = {Jan},
}




%%%%%%%%%%%%%%%%%%%%%%%%%%%%%%%%%%%%%%%%%%%%%%%%%%%%%%%%%%%%%%%%%% Pursuit Evasion references

@article{Sprinkle:2004p100,
author = {J Sprinkle and JM Eklund and HJ Kim and S Sastry}, 
journal = {Decision and Control, 43rd IEEE Conference on},
title = {Encoding aerial pursuit/evasion games with fixed wing aircraft into a nonlinear model predictive tracking controller},
year = {2004},
}

@article{McGrew:2008p103,
author = {JS McGrew and JP How and L Bush and B Williams and N Roy}, 
journal = {AIAA Guidance, Navigation, and Control Conference},
title = {Air Combat Strategy using Approximate Dynamic Programming},
year = {2008},
month = {Aug},
}



%%%%%%%%%%%%%%%%%%%%%%%%%%%%%%%%%%%%%%%%%%%%%%%%%%%%%%%%%%%%%%%%%% HJB references
    

@Book{b:bardi-1997,
  author = 	 {Bardi, M. and Capuzzo Dolcetta, I.},
  title = 	 {Optimal Control and Viscosity Solutions of Hamilton-Jacobi-Bellman Equations},
  publisher = 	 {Birkhauser},
  year = 	 {1997},
}

    @article{j:Crandall-TAMS-1983,
     title = {Viscosity Solutions of {Hamilton-Jacobi} Equations},
     author = {Crandall, Michael G. and Lions, Pierre-Louis},
     journal = {Transactions of the American Mathematical Society},
     volume = {277},
     number = {1},
     pages = {1-42},
     year = {1983},
     publisher = {American Mathematical Society},
    }
    
    @article{j:Evans-IUMJ-1984,
     title = {Differential games and representation formulas for solutions of {Hamilton-Jacobi-Isaacs} equations},
     author = {Evans, L. C. and Souganidis, P. E.},
     journal = {Indiana Univ. Math. J.},
     volume = {33},
     number = {5},
     pages = "773-797",
     year = {1984},
    }

@Book{b:isaacs-1967,
  author = 	 {Isaacs, R.},
  title = 	 {Differential Games},
  publisher = 	 {Wiley},
  year = 	 {1967},
  address = 	 {New York},
  edition = 	 {},
}

@Book{b:basar-olsder-1999,
  author = 	 {Bas¸ar, T. and Olsder, G.},
  title = 	 {Dynamic Noncooperative Game Theory},
  publisher = 	 {SIAM},
  year = 	 {1999},
  address = 	 {Philadelphia, PA},
  edition = 	 {2},
}

@article{j:Lygeros-automatica-1999,
title = "Controllers for reachability specifications for hybrid systems",
journal = "Automatica",
volume = "35",
number = "3",
pages = "349 - 370",
year = "1999",
author = "John Lygeros and Claire Tomlin and Shankar Sastry",
}

@PHDTHESIS{mitchell-thesis,
	title={Application of Level Set Methods to Control and Reachability Problems in Continuous and Hybrid Systems},
	author={Ian Mitchell},
	school={Stanford University},
	year={2002},
}    

@ARTICLE{ j:mitchell-TAC-2005,
	title={A time-dependent {Hamilton-Jacobi} formulation of reachable sets for continuous dynamic games},
	author={Mitchell, I.M. and Bayen, A.M. and Tomlin, C.J.},
	journal={IEEE Transactions on Automatic Control},
	year={July 2005},
	volume={50},
	number={7},
	pages={ 947-957},
	doi={10.1109/TAC.2005.851439},
	ISSN={}, 
}

@ARTICLE{ j:mitchell-jsc-2008,
  TITLE={The Flexible, Extensible and Efficient Toolbox of Level Set Methods },
  AUTHOR={Ian M. Mitchell},
  VOLUME={35},
  NUMBER={2-3},
  MONTH=jun,
  YEAR={2008},
  JOURNAL={Journal of Scientific Computing},
  doi={10.1007/s10915-007-9174-4},
}

@Book{ b:osher-fedkiw-2002,
  author = 	 {Stanley Osher and Ronald Fedkiw},
  title = 	 {Level Set Methods and Dynamic Implicit Surfaces},
  publisher = 	 {Springer-Verlag},
  year = 	 {2002},
  address = 	 {},
  edition = 	 {},
  NOTE = { {ISBN}: 978-0-387-95482-0}
}

@ARTICLE{j:Tomlin-ProcIEEE-2000,
author={Tomlin, C.J. and Lygeros, J. and Shankar Sastry, S. },
journal={Proceedings of the IEEE}, 
title={A game theoretic approach to controller design for hybrid systems },
year={2000},
month={Jul},
volume={88},
number={7},
pages={949 -970},
}

@Book{LSToolbox,
	AUTHOR =  "Ian Mitchell",
	TITLE = 	"{A Toolbox of Level Set Methods}",
	NOTE = "\url{http://people.cs.ubc.ca/~mitchell/ToolboxLS/index.html}",
	year = {2009},
}

%%%%%%%%%%%%%%%%%%%%%%%%%%%%%%%%%%%%%%%%%%%%%%%%%%%%%%%%%%%%%%%%%% Lab references

@article{Oishi:2008p98,
author = {M Oishi and IM Mitchell and AM Bayen and CJ Tomlin}, 
journal = {IEEE Transactions on Control Systems Technology},
title = {Invariance-preserving abstractions of hybrid systems: Application to user interface design},
number = {2},
pages = {229--244},
volume = {16},
year = {2008},
}

@inproceedings{GHVT09b,
author = {Gillula, Jeremy H. and Huang, Haomiao and Vitus, Michael P. and Tomlin, Claire J.},
title = {Design of Guaranteed Safe Maneuvers Using Reachable Sets: Autonomous Quadrotor Aerobatics in Theory and Practice},
booktitle = {Proc. 2010 IEEE Int. Conf. on Robotics and Automation},
month = {May},
year = {2010},
address = {Anchorage, AK},
}


@inproceedings{DSST08,
  title="Reachability Calculations for Automated Aerial Refueling",
  author="Jerry Ding and Jonathan Sprinkle and S. Shankar Sastry and Claire J. Tomlin",
  booktitle="Proceedings of the 47th IEEE Conference on Decision and Control",
  address="Cancun, Mexico",
  year="2008",
}

